% This file was created with Citavi 5.4.0.2

@misc{.,
 author = {Elektronik-Kompendium},
 title = {UDP - User Datagram Protocol},
 howpublished = {\url{http://www.elektronik-kompendium.de/sites/net/0812281.htm}},
 urldate = {28.01.2017}
}


@misc{.22.11.2016,
 year = {22.11.2016},
 title = {TCP :: transmission control protocol :: TCP-Protokoll :: ITWissen.info},
 howpublished = {\url{http://www.itwissen.info/definition/lexikon/transmission-control-protocol-TCP-TCP-Protokoll.html}},
 keywords = {Audiokompression;Computer;fast fourier transformation;FFT-Transformation;Filter;Fourier-Transformation;Frequenzbereich;TCP;TCP-Protokoll;transmission control protocol},
 urldate = {23.02.2017}
}


@misc{.23.02.2016,
 author = {ITwissen.info},
 year = {23.02.2016},
 title = {UDP :: user datagram protocol :: UDP-Protokoll :: ITWissen.info},
 howpublished = {\url{http://www.itwissen.info/definition/lexikon/user-datagram-protocol-UDP-UDP-Protokoll.html}},
 keywords = {Audiokompression;Computer;fast fourier transformation;FFT-Transformation;Filter;Fourier-Transformation;Frequenzbereich;UDP;UDP-Protokoll;user datagram protocol},
 urldate = {28.01.2017}
}


@misc{.28.01.2017,
 abstract = {The Raspberry Pi Foundation is a charity based in the UK. Our goal is to advance computer science education. Read about the Foundation's charitable work.},
 author = {{Raspberry Pi Foundation}},
 year = {28.01.2017},
 title = {Raspberry Pi Foundation - About Us},
 howpublished = {\url{https://www.raspberrypi.org/about/}},
 urldate = {28.01.2017}
}


@misc{.28.12.2016,
 year = {28.12.2016},
 title = {RPi Hardware - eLinux.org},
 howpublished = {\url{http://www.elinux.org/RPi_Hardware}},
 urldate = {28.01.2017}
}


@misc{.b,
 abstract = {Gleich unter mehreren Namen und {\"u}ber mehrere Anbieter wird ein interessantes, auf den ersten Blick recht unscheinbares Elektronik-Modul mit WLAN-Funktionalit{\"a}t angeboten. Beim Franzis-Verlag nennt es sich {\glqq}Pretzel-Board{\grqq}, bei Conrad nennt es sich {\glqq}C-Control IoT WIFI Board{\grqq} und auf anderen Seiten spricht man von dem NanoESP Board. Egal wie man es nennt oder woher man es [$\ldots$]},
 title = {WiFi Board: NanoESP bzw. Pretzel-Board},
 howpublished = {\url{http://www.mikrocontroller-elektronik.de/wifi-board-nanoesp-bzw-pretzel-board/}},
 keywords = {Entwicklungsboard;Entwicklungskit;F{\"u}llstandsanzeige;Internet der Dinge;Pretzelboard;wifi;wlan;Wlan-Chip},
 urldate = {28.01.2017}
}


@misc{.c,
 title = {TCP - Transmission Control Protocol},
 howpublished = {\url{https://www.elektronik-kompendium.de/sites/net/0812271.htm}},
 urldate = {23.02.2017}
}


@misc{.kafka,
 abstract = {Auf dieser Seite finden Sie einige Technische Daten rund um das Modul Technische Daten: Mikrocontroller: ~ ~ ~ ~ ~ ~ ~ ~ ~ ~ ~ ~ ~ ~ ~ ~ ~ ATmega328 Flash Speicher: ~ ~ ~ ~ ~...Mehr Lesen},
 title = {Technische Daten NanoESP {\&} Pretzel Board},
 howpublished = {\url{http://iot.fkainka.de/technische-daten}},
 urldate = {28.01.2017}
}


@misc{Amazon.,
 author = {Amazon},
 editor = {Amazon},
 year = {2015},
 title = {About Amazon Innovations},
 howpublished = {\url{https://www.amazon.com/p/feature/p4cmqwx8aco5642}}
}


@misc{ElektronikKompendium.,
 author = {Elektronik-Kompendium},
 title = {TCP - Transmission Control Protocol},
 howpublished = {\url{http://www.elektronik-kompendium.de/sites/net/0812271.htm}},
 urldate = {28.01.2017}
}


@misc{FranzisVerlagGmbH.27.11.2015,
 abstract = {Das Pretzel-Board ist ein IoT-Wifi-Board, das mit Internet of Things Komplettpaketen aus dem Handel konkurrieren kann},
 author = {{Franzis Verlag GmbH} and M{\"u}nchen},
 year = {27.11.2015},
 title = {Pretzel-Board},
 howpublished = {\url{http://www.franzis.de/elektronik/arduino-platinen/pretzel-board}},
 keywords = {Arduino;ESP8266;internet of things;programmieren;WLAN-Modul},
 urldate = {28.01.2017}
}


@book{Tilkov.2015,
 abstract = {Das Buch bietet eine theoretisch fundierte, vor allem aber praxistaugliche Anleitung zum professionellen Einsatz von RESTful HTTP. Es beschreibt den Architekturstil REST (Representational State Transfer) und seine Umsetzung im Rahmen der Protokolle des World Wide Web (HTTP, URIs und andere).    Es wird gezeigt, wie man klassische Webanwendungen und Webservices so entwirft, dass sie im Einklang mit den Grundprinzipien des Web stehen und seine vielen Vorteile ausnutzen.    Nach einer kurzen Einleitung, die die Grundprinzipien vermittelt (Ressourcen, Repr{\"a}sentationen, Hyperlinks, Content Negotiation), wird ein vollst{\"a}ndiges praktisches Beispiel vorgestellt. Danach werden die einzelnen Konzepte sowie fortgeschrittene Themen wie Caching, Dokumentation und Sicherheit detailliert betrachtet. Schlie{\ss}lich wird eine erweiterte Form der Beispielanwendung entwickelt, um die Umsetzung der fortgeschrittenen Konzepte zu demonstrieren. Inzwischen etablierte Best Practices zu Entwurf und Implementierung werden in einem eigenen Kapitel beschrieben und diskutiert.    Neu in der dritten Auflage ist u.a. die Behandlung von immer popul{\"a}rer werdenden Formaten (wie HAL, collection+json und Siren), Hinweise zur Dokumentation von Web-APIs sowie das Zusammenspiel mit Web-Oberfl{\"a}chen nach dem ROCA-Prinzip.  Stefan Tilkov besch{\"a}ftigt sich seit Beginn der 90er-Jahre mit Architekturans{\"a}tzen fu?r gro{\ss}e, verteilte Systemlandschaften. Von 1993 bis 1998 war er in verschiedenen Rollen bei einem mittelst{\"a}ndischen Softwarehaus t{\"a}tig, zuletzt als Leiter des Bereichs Anwendungsentwicklung, bevor er 1999 die Technologieberatung innoQ Deutschland GmbH mitgru?ndete. Als Gesch{\"a}ftsfu?hrer und Principal Consultant besch{\"a}ftigt er sich dort schwerpunktm{\"a}{\ss}ig mit leichtgewichtigen Architekturans{\"a}tzen und serviceorientierten IT-Architekturen.    Martin Eigenbrodt ist seit 2009 Mitarbeiter bei innoQ. Als Senior Consultant geh{\"o}rt sowohl die Schulung und Beratung beim Entwurf von RESTful APIs zu seinen Aufgaben, als auch deren konkrete Implementierung. Technologisch liegt sein Schwerpunkt  dabei auf Scala und Play.    Silvia Schreier besch{\"a}ftigt sich seit einigen Jahren mit REST. Zun{\"a}chst im Rahmen ihrer T{\"a}tigkeit als wissenschaftliche Mitarbeiterin an der FernUniversit{\"a}t in Hagen und seit 2013 als Consultant bei innoQ. Dort liegt ihr Schwerpunkt auf dem Entwurf und der Entwicklung REST- und ROCA-konformer Anwendungen mit verschiedensten Programmiersprachen und Persistenzl{\"o}sungen. Au{\ss}erdem versucht sie bei Veranstaltungen verschiedenster Initiativen andere Menschen fu?r die IT zu begeistern.    Oliver Wolf besch{\"a}ftigt sich seit vielen Jahren mit Software- und Systemarchitektur und interessiert sich besonders fu?r gro{\ss}e, verteilte Systeme mit hohen Anforderungen an Sicherheit, Skalierbarkeit und Flexiblit{\"a}t. Bevor er als Principal Consultant zu innoQ kam, war er unter anderem als Chefarchitekt, Technischer Produktmanager und Berater bei verschiedenen IT-Unternehmen t{\"a}tig.},
 author = {Tilkov, Stefan and Eigenbrodt, Martin and Schreier, Silvia and Wolf, Oliver},
 year = {2015},
 title = {REST und HTTP: Entwicklung und Integration nach dem Architekturstil des Web},
 url = {\url{http://gbv.eblib.com/patron/FullRecord.aspx?p=2046366}},
 address = {s.l.},
 edition = {3. Aufl.},
 publisher = {dpunkt},
 isbn = {978-3-86490-120-1}
}


